@article {Vetter13,
author = {Vetter, Roman and Stoop, Norbert and Jenni, Thomas and Wittel, Falk K. and  Herrmann, Hans J.},
title = {Subdivision shell elements with anisotropic growth},
journal = {International Journal for Numerical Methods in Engineering},
volume = {95},
number = {9},
issn = {1097-0207},
url = {http://dx.doi.org/10.1002/nme.4536},
doi = {10.1002/nme.4536},
pages = {791--810},
keywords = {structures, shells, elasticity, finite element methods, nonlinear dynamics},
year = {2013},
}
